%% This BibTeX bibliography file was created using BibDesk.
%% http://www.cs.ucsd.edu/~mmccrack/bibdesk.html

\def\ams#1,{{\sl Annals of Mathematical Statistics, \bf #1},}
\def\amstat#1,{{\sl The American Statistician, \bf #1},}
\def\applstat#1,{{\sl Applied Statistics, \bf #1},}
\def\appstatalg{in {\sl Applied Statistics Algorithms,} {P. Griffiths} and 
{I.~D. Hill}, editors.  Ellis Horwood Limited: Chichester}
\def\aos#1,{{\sl Annals of Statistics, \bf#1},}
\def\berksympsix#1,{{\sl Sixth Berkeley Symposium on Mathematical Statistics 
and Probability, \rm L.~M. LeCam, J. Neyman, and E.~L. Scott, editors, \bf #1}, 
}
\def\biom#1,{{\sl Biometrika, \bf #1},}
\def\biometrics#1,{{\sl Biometrics, \bf #1},}
\def\cacm#1,{{\sl Communications of the ACM, \bf #1},}
\def\commstata#1,{{\sl Communications in Statistics, Series A, \bf #1},}
\def\commstatb#1,{{\sl Communications in Statistics, Series B, \bf #1},}
\def\compj#1,{{\sl Computer Journal, \bf #1},}
\def\computer#1,{{\sl Computer, \bf #1},}
\def\computing#1,{{\sl Computing, \bf #1},}
\def\compstateightyfour{in {\sl COMPSTAT 84: Proceedings in Computational 
Statistics,} T.~Havr\'anek, Z.~\v{S}id\'ak, and M.~No\-v\'ak, editors.
Physica-Verlag: Vienna}
\def\dos{Department of Statistics}
\def\ieeecomputing#1,{{\sl IEEE Transactions on Computing, \bf #1},}
\def\ieeemicro{{\sl IEEE Micro\/}}
\def\ieeepami#1,{{\sl IEEE Transactions on Pattern Analysis and Machine 
Intelligence, \bf #1},}
\def\interfaceeleven{in {\sl Computer Science and Statistics: Eleventh Annual 
Symposium on the Interface,} A.~Ronald Gallant and Thomas M.~Gerig, editors.  
Institute of Statistics, North Carolina State University: Raleigh}
\def\interfaceseventeen{in {\sl Computer Science and Statistics: Seventeenth 
Symposium on the Interface, Proceedings,} David M.~Allen, editor.  North 
Holland: Amsterdam}
\def\interfaceeighteen{in {\sl Computer Science and Statistics: Eighteenth 
Symposium on the Interface, Proceedings,} Thomas J.~Boardman, editor. American 
Statistical Association: Washington}
\def\intstatrev#1,{{\sl International Statistical Review, \bf #1},}
\def\jacm#1,{{\sl Journal of the Association for Computing Machinery, \bf #1},}
\def\jasa#1,{{\sl Journal of the American Statistical Association, \bf #1},}
\def\jcam#1,{{\sl Journal of Computational and Applied Mathematics, \bf #1},}
\def\jima#1,{{\sl Journal of the Institute of Mathematics and its Applications, 
\bf #1},}
\def\jrssa#1,{{\sl Journal of the Royal Statistical Society, \rm Series A, \bf 
#1},}
\def\jrssb#1,{{\sl Journal of the Royal Statistical Society, \rm Series B, \bf 
#1},}
\def\jscs#1,{{\sl Journal of Statistical Computation and Simulation, \bf #1},}
\def\mathcomp#1,{{\sl Mathematics of Computation, \bf #1},}
\def\miltonnelder{in {\sl Statistical Computation,} R.~C. Milton and J.~A. 
Nelder, editors.  Academic Press: New York}
\def\mtac#1,{{\sl Mathematical Tables and Other Aids to Computation, \bf #1},}
\def\nummath#1,{{\sl Numerische Mathematik, \bf #1},}
\def\pscseightyfive{in {\sl Proceedings of the Statistical Computing Section 
1985,} American Statistical Association}
\def\qam#1,{{\sl Quarterly of Applied Mathematics, \bf #1},}
\def\siamjam#1,{{\sl SIAM Journal of Applied Mathematics, \bf #1},}
\def\siamna#1,{{\sl SIAM Journal on Numerical Analysis, \bf #1},}
\def\siamrev#1,{{\sl SIAM Review, \bf #1},}
\def\sissc#1,{{\sl SIAM Journal on Scientific and Statistical Computing, \bf 
#1},}
\def\statsci#1,{{\sl Statistical Science, \bf #1},}
\def\techn#1,{{\sl Technometrics, \bf #1},}
\def\toms#1,{{\sl ACM Transactions on Mathematical Software, \bf #1},}
\def\trn#1,{{Technical Report Number #1,}}
\def\zanakis{in {\sl Optimization in Statistics,} S.~H. {Zanakis} and J.~S. 
{Rustagi}, editors. North-Holland: Amsterdam}

%% Created for Ronald Thisted at 2018-05-19 11:53:16 -0500 


%% Saved with string encoding Unicode (UTF-8) 



@article{Ware:2010aa,
	Author = {Ware, James},
	Date-Added = {2018-05-18 22:27:42 +0000},
	Date-Modified = {2018-05-18 22:29:41 +0000},
	Journal = {CTSpedia},
	Title = {Reproducible research standards and definitions},
	Volume = {https://www.ctspedia.org/do/view/CTSpedia/ReproducibleResearchStandards},
	Year = {2010}}

@book{rOpenSci:2018aa,
	Author = {rOpenSci},
	Date-Added = {2018-05-18 22:18:56 +0000},
	Date-Modified = {2018-05-18 22:24:18 +0000},
	Lastchecked = {18 May 2018},
	Series = {https://github.com/ropensci/reproducibility-guide},
	Title = {Guide to {R}eproducible {R}esearch},
	Year = {2018}}

@book{StataCorp:2017aa,
	Address = {College Station, TX},
	Author = {StataCorp},
	Date-Added = {2018-05-12 17:07:39 +0000},
	Date-Modified = {2018-05-12 17:09:09 +0000},
	Publisher = {StataCorp LLC},
	Title = {Stata {S}tatistical {S}oftware: {R}elease 15},
	Year = {2017}}

@article{knuth1984literate,
	Author = {Knuth, Donald Ervin},
	Date-Added = {2018-05-10 23:06:50 +0000},
	Date-Modified = {2018-05-10 23:06:50 +0000},
	Journal = {The Computer Journal},
	Number = {2},
	Pages = {97--111},
	Publisher = {Oxford University Press},
	Title = {Literate programming},
	Volume = {27},
	Year = {1984}}

@book{:1974fy,
	Date-Added = {2018-05-11 16:21:49 +0000},
	Date-Modified = {2018-05-11 16:24:06 +0000},
	Editor = {Evans, G. Blakemore},
	Publisher = {Houghton Mifflin},
	Title = {The {R}iverside {S}hakespeare},
	Year = {1974}}

@book{Spevack:1968qd,
	Address = {Hildesheim},
	Author = {Spevack, Marvin},
	Date-Added = {2018-05-07 15:53:58 +0000},
	Date-Modified = {2018-05-07 15:55:50 +0000},
	Publisher = {George Olms},
	Title = {A Complete and Systematic Concordance to the Works of Shakespeare},
	Volume = {1--6},
	Year = {1968}}

@article{Gani:1976rg,
	Author = {Gani, J. AND Saunders, I.},
	Date-Added = {2018-05-04 16:32:58 +0000},
	Date-Modified = {2018-05-07 15:42:58 +0000},
	Journal = {Sankhy\=a: The Indian Journal of Statistics, Series AB (1960--2002)},
	Number = {2},
	Pages = {101--111},
	Title = {Some vocabulary studies of literary texts},
	Volume = {38},
	Year = {1976},
	Bdsk-File-1 = {YnBsaXN0MDDUAQIDBAUGJCVYJHZlcnNpb25YJG9iamVjdHNZJGFyY2hpdmVyVCR0b3ASAAGGoKgHCBMUFRYaIVUkbnVsbNMJCgsMDxJXTlMua2V5c1pOUy5vYmplY3RzViRjbGFzc6INDoACgAOiEBGABIAFgAdccmVsYXRpdmVQYXRoWWFsaWFzRGF0YV8QGC4uL0FydGljbGVzLzI1MDUyMDAxLnBkZtIXCxgZV05TLmRhdGFPEQF8AAAAAAF8AAIAAAxNYWNpbnRvc2ggSEQAAAAAAAAAAAAAAAAAAAAAAAAAQkQAAf////8MMjUwNTIwMDEucGRmAAAAAAAAAAAAAAAAAAAAAAAAAAAAAAAAAAAAAAAAAAAAAAAAAAAAAAAAAAAAAAAAAAAA/////wAAAAAAAAAAAAAAAAABAAIAAAogY3UAAAAAAAAAAAAAAAAACEFydGljbGVzAAIARC86VXNlcnM6cnRoaXN0ZWQ6RGVza3RvcDoyMDE4OlByb2plY3RzOkVmcm9uODA6QXJ0aWNsZXM6MjUwNTIwMDEucGRmAA4AGgAMADIANQAwADUAMgAwADAAMQAuAHAAZABmAA8AGgAMAE0AYQBjAGkAbgB0AG8AcwBoACAASABEABIAQlVzZXJzL3J0aGlzdGVkL0Rlc2t0b3AvMjAxOC9Qcm9qZWN0cy9FZnJvbjgwL0FydGljbGVzLzI1MDUyMDAxLnBkZgATAAEvAAAVAAIAD///AACABtIbHB0eWiRjbGFzc25hbWVYJGNsYXNzZXNdTlNNdXRhYmxlRGF0YaMdHyBWTlNEYXRhWE5TT2JqZWN00hscIiNcTlNEaWN0aW9uYXJ5oiIgXxAPTlNLZXllZEFyY2hpdmVy0SYnVHJvb3SAAQAIABEAGgAjAC0AMgA3AEAARgBNAFUAYABnAGoAbABuAHEAcwB1AHcAhACOAKkArgC2AjYCOAI9AkgCUQJfAmMCagJzAngChQKIApoCnQKiAAAAAAAAAgEAAAAAAAAAKAAAAAAAAAAAAAAAAAAAAqQ=}}

@article{Efron:1976zs,
	Author = {Efron, Bradley AND Thisted, Ronald A.},
	Date-Added = {2018-05-04 15:53:18 +0000},
	Date-Modified = {2018-05-04 15:54:58 +0000},
	Journal = {Biometrika},
	Number = {3},
	Pages = {435--447},
	Title = {Estimating the number of unseen species: {H}ow many ords did {Shakespeare} know?},
	Volume = {63},
	Year = {1976},
	Bdsk-File-1 = {YnBsaXN0MDDUAQIDBAUGJCVYJHZlcnNpb25YJG9iamVjdHNZJGFyY2hpdmVyVCR0b3ASAAGGoKgHCBMUFRYaIVUkbnVsbNMJCgsMDxJXTlMua2V5c1pOUy5vYmplY3RzViRjbGFzc6INDoACgAOiEBGABIAFgAdccmVsYXRpdmVQYXRoWWFsaWFzRGF0YV8QTC4uL0FydGljbGVzLzAzLUVzdGltYXRpbmcgdGhlIG51bWJlciBvZiB1bnNlZW4gc3BlY2llcy1TaGFrZXNwZWFyZS1FZnJvbi5wZGbSFwsYGVdOUy5kYXRhTxECcgAAAAACcgACAAAFRGVzazIAAAAAAAAAAAAAAAAAAAAAAAAAAAAA051BA0grAAAAHYxHHzAzLUVzdGltYXRpbmcgdGhlIG51IzFEOEM3RS5wZGYAAAAAAAAAAAAAAAAAAAAAAAAAAAAAAAAAAAAAAAAAAAAdjH7XBNZcAAAAAAAAAAAAAQACAAAJAAAAAAAAAAAAAAAAAAAAAAhBcnRpY2xlcwAQAAgAANOdh1MAAAARAAgAANcFHKwAAAABABQAHYxHAB2K2wABXFcAADT7AAAAfwACAGpEZXNrMjpEZXNrOgAgIF9fUHJvZmVzc2lvbmFsOgBQcm9qZWN0czoAUmVwcm9kdWNpbmcgU2hha2VzcGVhcmU6AEFydGljbGVzOgAwMy1Fc3RpbWF0aW5nIHRoZSBudSMxRDhDN0UucGRmAA4AggBAADAAMwAtAEUAcwB0AGkAbQBhAHQAaQBuAGcAIAB0AGgAZQAgAG4AdQBtAGIAZQByACAAbwBmACAAdQBuAHMAZQBlAG4AIABzAHAAZQBjAGkAZQBzAC0AUwBoAGEAawBlAHMAcABlAGEAcgBlAC0ARQBmAHIAbwBuAC4AcABkAGYADwAMAAUARABlAHMAawAyABIAgS9EZXNrLyAgX19Qcm9mZXNzaW9uYWwvUHJvamVjdHMvUmVwcm9kdWNpbmcgU2hha2VzcGVhcmUvQXJ0aWNsZXMvMDMtRXN0aW1hdGluZyB0aGUgbnVtYmVyIG9mIHVuc2VlbiBzcGVjaWVzLVNoYWtlc3BlYXJlLUVmcm9uLnBkZgAAEwAOL1ZvbHVtZXMvRGVzazL//wAAgAbSGxwdHlokY2xhc3NuYW1lWCRjbGFzc2VzXU5TTXV0YWJsZURhdGGjHR8gVk5TRGF0YVhOU09iamVjdNIbHCIjXE5TRGljdGlvbmFyeaIiIF8QD05TS2V5ZWRBcmNoaXZlctEmJ1Ryb290gAEACAARABoAIwAtADIANwBAAEYATQBVAGAAZwBqAGwAbgBxAHMAdQB3AIQAjgDdAOIA6gNgA2IDZwNyA3sDiQONA5QDnQOiA68DsgPEA8cDzAAAAAAAAAIBAAAAAAAAACgAAAAAAAAAAAAAAAAAAAPO}}

@incollection{Buckheit:1995hl,
	Author = {Buckheit, Jonathan B. AND Donoho, David L.},
	Booktitle = {Wavelets and Statistics},
	Date-Added = {2018-05-04 15:47:39 +0000},
	Date-Modified = {2018-05-04 15:56:38 +0000},
	Editor = {Antoniadis, Anestis AND Oppenheim, George},
	Pages = {55--81},
	Publisher = {Springer-Verlag},
	Series = {Lecture Notes in Statistics 103},
	Title = {Wave{Lab} and reproducible research},
	Year = {1995}}

@article{Schwab:2000bh,
	Author = {Schwab, M. AND Karrenbach, N. AND Claerbout, J.},
	Date-Added = {2018-05-04 15:39:18 +0000},
	Date-Modified = {2018-05-04 15:42:06 +0000},
	Journal = {Computing in Science \& Engineering},
	Month = {Nov-Dec},
	Number = {6},
	Pages = {61--67},
	Title = {Making scientific computations reproducible},
	Volume = {2},
	Year = {2000}}

@article{doi:10.1080/09332480.2003.10554842,
	Author = {David I. Holmes and Judit Kardos},
	Date-Added = {2018-05-04 15:39:04 +0000},
	Date-Modified = {2018-05-04 15:55:38 +0000},
	Eprint = {https://doi.org/10.1080/09332480.2003.10554842},
	Journal = {CHANCE},
	Number = {2},
	Pages = {5-8},
	Publisher = {Taylor & Francis},
	Title = {Who Was the Author? {A}n Introduction to Stylometry},
	Volume = {16},
	Year = {2003},
	Bdsk-Url-1 = {https://doi.org/10.1080/09332480.2003.10554842}}
